<record><leader>00000cas a22000007a 4500</leader><controlfield tag="001">13287148</controlfield><controlfield tag="008">860312d19411949pauwr ne      0    0eng d</controlfield><datafield ind1=" " ind2=" " tag="010"><subfield code="a">sn 86081158 </subfield></datafield><datafield ind1=" " ind2=" " tag="040"><subfield code="a">NPH</subfield><subfield code="b">eng</subfield><subfield code="c">NPH</subfield><subfield code="d">OCLCQ</subfield></datafield><datafield ind1=" " ind2=" " tag="042"><subfield code="a">msc</subfield></datafield><datafield ind1="0" ind2="0" tag="245"><subfield code="a">Free press-courier continuing the Westfield free press and Knoxville courier.</subfield></datafield><datafield ind1=" " ind2=" " tag="260"><subfield code="a">Westfield, Pa. :</subfield><subfield code="b">Edward W. Lane,</subfield><subfield code="c">1941-1949.</subfield></datafield><datafield ind1=" " ind2=" " tag="300"><subfield code="a">8 v. :</subfield><subfield code="b">ill. ;</subfield><subfield code="c">56 cm.</subfield></datafield><datafield ind1=" " ind2=" " tag="310"><subfield code="a">Weekly</subfield></datafield><datafield ind1="0" ind2=" " tag="362"><subfield code="a">Vol. 63, no. 39 (Sept. 25, 1941)-v. 71, no. 18 (May 5, 1949).</subfield></datafield><datafield ind1=" " ind2=" " tag="500"><subfield code="a">Published every Thursday.</subfield></datafield><datafield ind1=" " ind2=" " tag="500"><subfield code="a">"Devoted to the interests of Cowanesqe Valley."</subfield></datafield><datafield ind1=" " ind2=" " tag="752"><subfield code="a">United States</subfield><subfield code="b">Pennsylvania</subfield><subfield code="c">Tioga</subfield><subfield code="d">Westfield.</subfield></datafield><datafield ind1="0" ind2="4" tag="780"><subfield code="t">Westfield free press</subfield><subfield code="w">(DLC)sn 86081159</subfield></datafield><datafield ind1="0" ind2="4" tag="780"><subfield code="t">Knoxville courier (Knoxville, Pa. : 1902)</subfield><subfield code="w">(DLC)sn 86081178</subfield></datafield><datafield ind1="0" ind2="0" tag="785"><subfield code="t">Free-press courier</subfield><subfield code="w">(DLC)sn 86081157</subfield></datafield></record>